%% Created using Papers on Wed, 11 Dec 2013.
%% http://papersapp.com/papers/

@article{Berger:2011du,
author = {LeVeque, Randall J. and George, David L and Berger, Marsha J},
title = {{Tsunami Propagation and inundation with adaptively refined finite volume methods}},
journal = {Acta Numerica},
year = {2011},
pages = {211--289}
}

@article{Berger:2011vi,
author = {Berger, Marsha J and George, David L and LeVeque, Randall J. and Mandli, Kyle T},
title = {{The GeoClaw software for depth-averaged flows with adaptive refinement}},
journal = {Advances in Water Resources},
year = {2011},
volume = {34},
number = {9},
pages = {1195--1206},
annote = {18 pages, 11 figures, Animations and source code for some examples at
  http://www.clawpack.org/links/awr10}
}

@article{George:2008aa,
author = {George, David L},
title = {{Augmented Riemann solvers for the shallow water equations over variable topography with steady states and inundation}},
journal = {Journal of Computational Physics},
year = {2008},
volume = {227},
number = {6},
pages = {3089--3113},
month = mar
}

@book{LeVeque:2002aa,
author = {LeVeque, Randall},
title = {{Finite Volume Methods for Hyperbolic Problems}},
publisher = {Cambridge University Press},
year = {2002},
series = {Cambridge Texts in Applied Mathematics},
address = {Cambridge, UK}
}

@article{LeVeque:1997eg,
author = {LeVeque, Randall J.},
title = {{Wave Propagation Algorithms for Multidimensional Hyperbolic Systems}},
journal = {Journal of Computational Physics},
year = {1997},
volume = {131},
number = {2},
pages = {327--353},
month = mar
}

@article{Berger:1998aa,
author = {Berger, Marsha J and LeVeque, Randall J.},
title = {{Adaptive Mesh Refinement using Wave-Propagation Algorithms for Hyperbolic Systems}},
journal = {SIAM Journal on Numerical Analysis},
year = {1998},
volume = {35},
pages = {2298--2316}
}

